%% Datasets
@inproceedings{caba2015activitynet,
  title={ActivityNet: A Large-Scale Video Benchmark for Human Activity Understanding},
  author={Fabian Caba Heilbron, Victor Escorcia, Bernard Ghanem and Juan Carlos Niebles},
  booktitle={Proceedings of the IEEE Conference on Computer Vision and Pattern Recognition},
  pages={961--970},
  year={2015}
}
@misc{THUMOS15,
   author = "Gorban, A. and Idrees, H. and Jiang, Y.-G. and Roshan Zamir, A. and Laptev,
   I. and Shah, M. and Sukthankar, R.",
   title = "{THUMOS} Challenge: Action Recognition with a Large
   Number of Classes",
   howpublished = "\url{http://www.thumos.info/}",
   Year = {2015}}

%% State of the Art
@incollection{baccouche2011sequential,
    title={Sequential deep learning for human action recognition},
    author={Baccouche, Moez and Mamalet, Franck and Wolf, Christian and Garcia, Christophe and Baskurt, Atilla},
    booktitle={Human Behavior Understanding},
    pages={29--39},
    year={2011},
    publisher={Springer}
}
@inproceedings{simonyan2014two,
    title={Two-stream convolutional networks for action recognition in videos},
    author={Simonyan, Karen and Zisserman, Andrew},
    booktitle={Advances in Neural Information Processing Systems},
    pages={568--576},
    year={2014}
}
@article{tran2015deep,
    title={Deep End2End Voxel2Voxel Prediction},
    author={Tran, Du and Bourdev, Lubomir and Fergus, Rob and Torresani, Lorenzo and Paluri, Manohar},
    journal={arXiv preprint arXiv:1511.06681},
    year={2015}
}
@article{yeung2015every,
    title={Every Moment Counts: Dense Detailed Labeling of Actions in Complex Videos},
    author={Yeung, Serena and Russakovsky, Olga and Jin, Ning and Andriluka, Mykhaylo and Mori, Greg and Fei-Fei, Li},
    journal={arXiv preprint arXiv:1507.05738},
    year={2015}
}
@inproceedings{gkioxari2015contextual,
    title={Contextual action recognition with r* cnn},
    author={Gkioxari, Georgia and Girshick, Ross and Malik, Jitendra},
    booktitle={Proceedings of the IEEE International Conference on Computer Vision},
    pages={1080--1088},
    year={2015}
}
@article{yeung2015end,
    title={End-to-end Learning of Action Detection from Frame Glimpses in Videos},
    author={Yeung, Serena and Russakovsky, Olga and Mori, Greg and Fei-Fei, Li},
    journal={arXiv preprint arXiv:1511.06984},
    year={2015}
}
@article{tran2014learning,
    title={Learning spatiotemporal features with 3d convolutional networks},
    author={Tran, Du and Bourdev, Lubomir and Fergus, Rob and Torresani, Lorenzo and Paluri, Manohar},
    journal={arXiv preprint arXiv:1412.0767},
    year={2014}
}
@inproceedings{Ng_2015_CVPR,
    author = {Yue-Hei Ng, Joe and Hausknecht, Matthew and Vijayanarasimhan, Sudheendra and Vinyals, Oriol and Monga, Rajat and Toderici, George},
    title = {Beyond Short Snippets: Deep Networks for Video Classification},
    booktitle = {The IEEE Conference on Computer Vision and Pattern Recognition (CVPR)},
    month = {June},
    year = {2015}
}
@inproceedings{lrcn2014,
    author = {Jeff Donahue and Lisa Anne Hendricks and Sergio Guadarrama and Marcus Rohrbach and
              Subhashini Venugopalan and Kate Saenko and Trevor Darrell},
    title = {Long-term Recurrent Convolutional Networks for Visual Recognition and Description},
    year  = {2015},
    booktitle = {CVPR}
}
@article{ballas2015delving,
    title={Delving Deeper into Convolutional Networks for Learning Video Representations},
    author={Ballas, Nicolas and Yao, Li and Pal, Chris and Courville, Aaron},
    journal={arXiv preprint arXiv:1511.06432},
    year={2015}
}
@inproceedings{Yao_2015_ICCV,
    author = {Yao, Li and Torabi, Atousa and Cho, Kyunghyun and Ballas, Nicolas and Pal, Christopher and Larochelle, Hugo and Courville, Aaron},
    title = {Describing Videos by Exploiting Temporal Structure},
    booktitle = {The IEEE International Conference on Computer Vision (ICCV)},
    month = {December},
    year = {2015}
}
@article{zhang2016modelling,
    title={Modelling Temporal Information Using Discrete Fourier Transform for Video Classification},
    author={Zhang, Haimin and Xua, Min and Xu, Changsheng and Jain, Ramesh},
    journal={arXiv preprint arXiv:1603.06182},
    year={2016}
}
@article{pascanu2012difficulty,
  title={On the difficulty of training recurrent neural networks},
  author={Pascanu, Razvan and Mikolov, Tomas and Bengio, Yoshua},
  journal={arXiv preprint arXiv:1211.5063},
  year={2012}
}
@article{shoutemporal,
  title={Temporal Action Localization in Untrimmed Videos via Multi-stage CNNs},
  author={Shou, Zheng and Wang, Dongang and Chang, Shih-Fu}
}
@Article{Simonyan14c,
    author       = "Simonyan, K. and Zisserman, A.",
    title        = "Very Deep Convolutional Networks for Large-Scale Image Recognition",
    journal      = "CoRR",
    volume       = "abs/1409.1556",
    year         = "2014"
}

%% Software
@article{jia2014caffe,
    Author = {Jia, Yangqing and Shelhamer, Evan and Donahue, Jeff and Karayev, Sergey and Long, Jonathan and Girshick, Ross and Guadarrama, Sergio and Darrell, Trevor},
    Journal = {arXiv preprint arXiv:1408.5093},
    Title = {Caffe: Convolutional Architecture for Fast Feature Embedding},
    Year = {2014}
}
@article{theano2016theano,
    author = {{Theano Development Team}},
    title = "{Theano: A {Python} framework for fast computation of mathematical expressions}",
    journal = {arXiv e-prints},
    volume = {abs/1605.02688},
    primaryClass = "cs.SC",
    keywords = {Computer Science - Symbolic Computation, Computer Science - Learning, Computer Science - Mathematical Software},
    year = 2016,
    url = {http://arxiv.org/abs/1605.02688},
}
@article{abadi2016tensorflow,
    title={Tensorflow: Large-scale machine learning on heterogeneous distributed systems},
    author={Abadi, Mart{\i}n and Agarwal, Ashish and Barham, Paul and Brevdo, Eugene and Chen, Zhifeng and Citro, Craig and Corrado, Greg S and Davis, Andy and Dean, Jeffrey and Devin, Matthieu and others},
    journal={arXiv preprint arXiv:1603.04467},
    year={2016}
}
@article{opencv_library,
    author = {Bradski, G.},
    citeulike-article-id = {2236121},
    journal = {Dr. Dobb's Journal of Software Tools},
    keywords = {bibtex-import},
    posted-at = {2008-01-15 19:21:54},
    priority = {4},
    title = {OpenCV},
    year = {2000}
}
